@BOOK{han99,
  author       = {Hegering, Heinz-Gerd and Abeck, Sebastian and Neumair, Bernhard},
  title        = {Integrated Management of Networked Systems -- Concepts, Architectures and their Operational Application},
  publisher    = {Morgan Kaufmann Publishers},
  address      = {San Fransisco},
  isbn         = {1-55860-571-1},
  year         = {1999},
}

@MANUAL{ieeecitation09,
  author       = {IEEE},
  title        = {IEEE Citation Guide},
  year         = {2009},
  month        = sep,
  note         = {\url{http://www.ieee.org/documents/ieeecitationref.pdf}},
}

@BOOK{les06,
  author       = {Lester, James},
  title        = {The Reserach Paper Handbook},
  publisher    = {Good Year Books},
  address      = {},
  edition      = {3.},
  isbn         = {},
  year         = {2006},
}

@MANUAL{scrguide07,
  author       = {Kohm, Markus and Morawski, Jens-Uwe},
  title        = {KOMA-Script -- Die Anleitung},
  year         = {2011},
  month        = apr,
  note         = {\url{http://www.bitlib.net/mirror/ctan/macros/latex/contrib/koma-script/scrguide.pdf}},
}

@MANUAL{stra05,
  author       = {Straumann, Felix},
  title        = {Einsteins Dissertation oder Wie 17 Seiten die Welt ver\"anderten},
  year         = {2005},
  month        = apr,
  note         = {\url{http://www.uzh.ch/news/articles/2005/1552.html}},
}

@MANUAL{coll13,
  author       = {{Collis Bird \& Withey Bookbinders}},
  title        = {Thesis Binding},
  year         = {2013},
  month        = feb,
  note         = {\url{http://www.thesisbookbinding.co.uk/thesis-binding-service.html}},
}

@MANUAL{unic13,
  author       = {Sperl, Simon},
  title        = {Unn\"utzes Wissen: Kuriose Fakten rund ums Studium},
  year         = {2015},
  month        = nov,
  note         = {\url{http://www.unicum.de/kuriose-unifakten/}},
}