@BOOK{Ben-Ari,
author = {Mordechai Ben-Ari},
edition = {3.rd},
title = {Mathematical Logic for Computer Science},
publisher = {Springer-Verlag},
address = {London},
year = 2012,
}


@BOOK{Parr,
author = {Terence Parr},
title = {The Definitive ANTLR 4 Reference},
publisher = {Pragmatic Bookshelf},
address = {Dallas, Texas},
year = 2012,
}

@BOOK{Dreiseitl,
author = {Stephan Dreiseitl},
title = {Mathematik für Software Engineering},
publisher = {Springer Vieweg},
address = {Berlin},
year = 2018,
}
@BOOK{Kurt-Ulrich,
author = {Kurt-Ulrich Witt},
title = {Mathematische Grundlagen
für die Informatik : Mengen, Logik, Rekursion},
publisher = {Springer Vieweg},
address = {Wiesbaden},
year = 2013,
}

@BOOK{Schenke,
author = {Michael Schenke},
title = {Logikkalküle in der Informatik : Wie wird Logik vom Rechner genutzt?},
publisher = {Springer Vieweg},
address = {Wiesbaden},
year = 2013,
}

@Book{Schaefer,
title = {Informatik 1. Skript zur Vorlesung},
author = {Andreas Schäfer},
published = {Fachhochschule Lübeck},
address = {Lübeck},
year = {2017},
}
@MANUAL{Krohn,
title = {Implementierung von binären Bäumen. Skript zur Vorlesung Informatik 2},
author = {Uwe Krohn},
published = {Fachhochschule Lübeck},
address = {Lübeck},
year = {2016},
}

@MANUAL{Nipkow,
title = {Lambda-Kalkul. Skript zur Vorlesung},
author = {Tobias Nipkow},
published = {TU München},
address = {www4.informatik.tu-muenchen.de/lehre/vorlesungen/lambda/SS98/lambda.ps.gz.},
year = {1998},
}
@MANUAL{Schmidt-Schauß,
title = {Lambda-Kalkul. Skript zur Vorlesung},
author = {Manfred Schmidt-Schauß},
published = {Uni Frankfurt},
address = {http://www.ki.informatik.uni-frankfurt.de/lehre/SS2004/Deduktion/folien/ded-fol3.pdf},
year = {2004},
}

@online{statCounter,
  author = {StatCounter},
 title = {Desktop vs Mobile vs Tablet Market Share Worldwide - July 2018,  ges. am 9.08.2018},
  year = 2018,
  url = {http://gs.statcounter.com/platform-market-share/desktop-mobile-tablet},
  urldate = {2018-08-09}
}

@online{kulturbanause,
  author = {kulturbanause},
 title = {Was bedeutet Desktop First?, ges. am 9.08.2018},
  year = 2018,
  url = {https://kulturbanause.de/faq/desktop-first/},
  urldate = {2018-08-09}
}

@online{bootstrap,
  author = {Bootstrap},
 title = {Bootstrap,  ges. am 9.08.2018},
  year = 2018,
  url = {https://getbootstrap.com/docs/4.1/about/overview/},
  urldate = {2018-08-09}
}

@online{bootstrapwiki,
  author = {Wikipedia},
 title = {Bootstrap (Framework),  ges. am 9.08.2018},
  year = 2018,
  url = {https://de.wikipedia.org/wiki/Bootstrap_(Framework)},
  urldate = {2018-08-09}
}

@online{bootstrapworld,
  author = {Bootstrapworld},
 title = {Was ist Bootstrap?,  ges. am 9.08.2018},
  year = 2018,
 url = {https://www.bootstrapworld.de/was-ist-bootstrap.html},
  urldate = {2018-08-09}
}

@online{googleCharts,
  author = {Google Charts},
 title = {About Google chart tools,  ges. am 10.08.2018},
  year = 2018,
   url = {https://developers.google.com/chart/},
  urldate = {2018-08-10}
}

@online{googleChartswiki,
  author = {Wikipedia},
 title = {Google Charts,  ges. am 10.08.2018},
  year = 2018,
  url = {https://en.wikipedia.org/wiki/Google_Charts},
  urldate = {2018-08-10}
}

@online{orgCharts,
  author = {Google},
 title = {Organization Chart,  ges. am 10.08.2018},
  year = 2018,
  url = {https://developers.google.com/chart/interactive/docs/gallery/orgchart},
  urldate = {2018-08-10}
}

@online{drawCharts,
  author = {Google},
 title = {Draw the Chart,  ges. am 10.08.2018},
  year = 2018,
  url = {https://developers.google.com/chart/interactive/docs/basic_draw_chart},
  urldate = {2018-08-10}
}

@online{jasmine,
  author = {Jasmine},
 title = {Draw the Chart,  ges. am 11.08.2018},
  year = 2018,
  url = {https://jasmine.github.io/},
  urldate = {2018-08-11}
}

@online{jasmineTutorial,
  author = {Tutorials Point},
 title = {JasmineJS - Overview,  ges. am 11.08.2018},
  year = 2018,
  url = {https://www.tutorialspoint.com/jasminejs/jasminejs_overview.htm},
  urldate = {2018-08-11}
}

@online{pixels,
  author = {Pixels|Bytes},
 title = {Node.js require() for your browser, ges. am 11.08.2018},
  year = 2012,
  url = {https://pixelsvsbytes.com/2012/04/node-js-require-for-your-browser/?phpMyAdmin=0ZRJj6JUwx3do5nBBGsib-MdEm7},
  urldate = {2012-04-11}
}

@online{Gonzalo,
 author = {Frederic Gonzalo},
 title = {Understanding the difference between mobile-first, adaptive and responsive design, ges. am 9.08.2018},
  year = 2018,
  url = {http://fredericgonzalo.com/en/2017/03/01/understanding-the-difference-between-mobile-first-adaptive-and-responsive-design/},
  urldate = {2018-08-09}
}

@online{Kayce,
 author = {Kayce Basques},
 title = {What's New In DevTools (Chrome 59), ges. am 11.08.2018},
  year = 2018,
  url = {https://developers.google.com/web/updates/2017/04/devtools-release-notes},
  urldate = {2018-08-11}
}